
    <zs:record>
      <zs:recordSchema/>
      <zs:recordPacking>xml</zs:recordPacking>
      <zs:recordData>
        <record xmlns="http://www.loc.gov/MARC21/slim">
          <leader>01038cam a22002651  4500</leader>
          <controlfield tag="001">9636145</controlfield>
          <controlfield tag="005">20130514132619.0</controlfield>
          <controlfield tag="008">780809m19121926enkc          000 0 eng  </controlfield>
          <datafield tag="906" ind1=" " ind2=" ">
            <subfield code="a">7</subfield>
            <subfield code="b">cbc</subfield>
            <subfield code="c">oclcrpl</subfield>
            <subfield code="d">u</subfield>
            <subfield code="e">ncip</subfield>
            <subfield code="f">19</subfield>
            <subfield code="g">y-gencatlg</subfield>
          </datafield>
          <datafield tag="010" ind1=" " ind2=" ">
            <subfield code="a">   12021673 </subfield>
          </datafield>
          <datafield tag="035" ind1=" " ind2=" ">
            <subfield code="9">(DLC)   12021673</subfield>
          </datafield>
          <datafield tag="035" ind1=" " ind2=" ">
            <subfield code="a">(OCoLC)4121079</subfield>
          </datafield>
          <datafield tag="040" ind1=" " ind2=" ">
            <subfield code="a">DLC</subfield>
            <subfield code="c">MChB</subfield>
            <subfield code="d">DLC</subfield>
          </datafield>
          <datafield tag="050" ind1="0" ind2="0">
            <subfield code="a">DA690.O97</subfield>
            <subfield code="b">O8 vol. 57</subfield>
          </datafield>
          <datafield tag="110" ind1="2" ind2=" ">
            <subfield code="a">Oxford Historical Society (Oxford, England)</subfield>
          </datafield>
          <datafield tag="245" ind1="1" ind2="0">
            <subfield code="a">Catalogue of portraits in the possession of the university, colleges, city, and county of Oxford,</subfield>
            <subfield code="c">compiled by Mrs. Reginald Lane Poole.</subfield>
          </datafield>
          <datafield tag="260" ind1=" " ind2=" ">
            <subfield code="a">Oxford,</subfield>
            <subfield code="b">The Clarendon press, for the Oxford historical society,</subfield>
            <subfield code="c">1912-26.</subfield>
          </datafield>
          <datafield tag="300" ind1=" " ind2=" ">
            <subfield code="a">3 v.</subfield>
            <subfield code="b">fronts., ports.</subfield>
            <subfield code="c">23 cm.</subfield>
          </datafield>
          <datafield tag="490" ind1="0" ind2=" ">
            <subfield code="a">Oxford historical society, vol. LVII, LXXXI, LXXXII</subfield>
          </datafield>
          <datafield tag="651" ind1=" " ind2="0">
            <subfield code="a">Great Britain</subfield>
            <subfield code="x">Biography</subfield>
            <subfield code="x">Portraits.</subfield>
          </datafield>
          <datafield tag="650" ind1=" " ind2="0">
            <subfield code="a">Portraits</subfield>
            <subfield code="x">Catalogs.</subfield>
          </datafield>
          <datafield tag="700" ind1="1" ind2=" ">
            <subfield code="a">Poole, Rachael,</subfield>
            <subfield code="d">-1937,</subfield>
            <subfield code="e">comp.</subfield>
          </datafield>
          <datafield tag="710" ind1="2" ind2=" ">
            <subfield code="a">University of Oxford</subfield>
          </datafield>
          <datafield tag="985" ind1=" " ind2=" ">
            <subfield code="e">OCLC REPLACEMENT</subfield>
          </datafield>
          <datafield tag="991" ind1=" " ind2=" ">
            <subfield code="b">c-GenColl</subfield>
            <subfield code="h">DA690.O97</subfield>
            <subfield code="i">O8 vol. 57</subfield>
            <subfield code="t">Copy 1</subfield>
            <subfield code="w">OCLCREP</subfield>
          </datafield>
        </record>
      </zs:recordData>
      <zs:recordPosition>2</zs:recordPosition>
    </zs:record>
  </zs:records>
  <zs:echoedSearchRetrieveRequest>
    <zs:version>1.1</zs:version>
    <zs:query>dc.creator="Poole, Rachael" or dc.creator="Malleson, Rachael" or dc.creator="Poole, Rachael Emily"</zs:query>
    <zs:maximumRecords>100</zs:maximumRecords>
    <zs:recordPacking>xml</zs:recordPacking>
  </zs:echoedSearchRetrieveRequest>
</zs:searchRetrieveResponse>
